

@article{GareyJS76,
  title={Some simplified {NP}-complete graph problems},
  author={Garey, Michael R. and Johnson, David S. and Stockmeyer, Larry},
  journal={Theoretical Computer Science},
  pages={237--267},
  year={1974},
  publisher={Elsevier}
}

@incollection{Kar72,
  author = {Karp, R.},
  biburl = {http://www.bibsonomy.org/bibtex/21fa7a672ce72ed916311dc52e5a93038/lysander07},
  booktitle = {Complexity of Computer Computations},
  editor = {Miller, R. and Thatcher, J.},
  interhash = {427e5bfc8069f94f57c5d43b6fd85949},
  intrahash = {1fa7a672ce72ed916311dc52e5a93038},
  keywords = {imported XMLTage2006-2},
  pages = {85--103},
  publisher = {Plenum Press},
  timestamp = {2009-01-27T15:24:50.000+0100},
  title = {Reducibility among combinatorial problems},
  year = 1972
}



@InProceedings{JansenKLS01,
  author = 	 {Jansen, Klaus and Karpinski, Marek and Lingas, Andrzej and Seidel, Eike},
  title = 	 {Polynomial time approximation schemes for {MAX-BISECTION} on planar and geometric graphs},
  booktitle = {Proceedings of the 18th Annual Symposium on Theoretical Aspects of Computer Science (STACS)},
  year = 	 2001,
  volume = 	 2010,
  series = 	 {Lecture Notes in Computer Science},
  pages = 	 {365--375},
  publisher = {Springer}}

@InProceedings{Racke08,
  title={Optimal hierarchical decompositions for congestion minimization in networks},
  author={R{\"a}cke, Harald},
  booktitle={Proceedings of the 40th Annual ACM Symposium on Theory of Computing (STOC)},
  pages={255--264},
  year={2008},
  organization={ACM}
}

@incollection{FernandesST13,
  year={2013},
  booktitle={The Seventh European Conference on Combinatorics, Graph Theory and Applications (EUROCOMB)},
  volume={16},
  series={CRM Series},
  editor={Ne\v{s}et\v{r}il, J. and Pellegrini, M.},
  title={On the structure of graphs with large minimum bisection},
  author={Fernandes, Cristina G. and Schmidt, Tina J. and Taraz, Anusch},
  publisher={Scuola Normale Superiore},
  pages={291--296}
}

@Unpublished{Kampmeier,
  year={2014},
  title={On the computation of local and global optima for soft power diagrams},
  author={Alexander Kampmeier},
  note={Master Thesis }
}

@Unpublished{FernandesST15,
  author={Fernandes, Cristina G. and Schmidt, Tina J. and Taraz, Anusch},
  title = 	 {On Minimum Bisection and Related Partition Problems in Graphs with Bounded Tree Width},
  note = 	 {Submitted},
  year = 	 2015}

@Unpublished{Schmidt15,
  author = 	 {Tina J. Schmidt},
  title = 	 {The minimum bisection problem},
  note = 	 {PhD Thesis in preparation. Technische Universität München},
  OPTkey = 	 {},
  OPTmonth = 	 {},
  OPTyear = 	 {},
  OPTannote = 	 {}
}

@online{rbt,
  title = {Random Binary Tree},
  howpublished= "\url{https://en.wikipedia.org/wiki/Random_binary_tree}",
  note = {Accessed: 2015-09-27}
}

@book{cormen2009introduction,
  title={Introduction to algorithms},
  author={Cormen, Thomas H.},
  year={2009},
  publisher={MIT press},
  note = {Theorem 12.4, Chapter 12}
}